% Encoding: UTF-8

@Book{Starr2011,
  title     = {General Equilibrium Theory},
  publisher = {Cambridge University Press},
  year      = {2011},
  author    = {Starr, Ross M.},
}

@Book{Ok2007,
  title     = {Real Analysis with Economic Applications},
  publisher = {Princeton University Press},
  year      = {2007},
  author    = {Ok, Efe A.},
}

@Comment{jabref-meta: databaseType:bibtex;}
