% Encoding: UTF-8

@Book{Baldeon2014,
  title     = {Análsis Matemático},
  publisher = {Gemar},
  year      = {2014},
  author    = {Armando Verno Baldeón},
}

@Book{Perez2010,
  title     = {Física},
  publisher = {ALFA},
  year      = {2010},
  author    = {Juan {Pérez Ruiz} and John Smith},
}

@Comment{jabref-meta: databaseType:bibtex;}
