% Encoding: UTF-8

@Book{VE14,
  title     = {Análisis matemático},
  publisher = {Gemar},
  year      = {2014},
  author    = {Venero Baldeón, Armando},
}

@Article{smi17,
  author  = {John Smith},
  title   = {Acerca del frío},
  journal = {Invernal},
  year    = {2017},
}

@Comment{jabref-meta: databaseType:bibtex;}
